@MISC{lit1,
      Title =     "Graph coloring",
      howpublished = "\url{https://en.wikipedia.org/wiki/Graph_coloring}",
      urldate = "2018-10-22",
      Year =      "2018",
      note = "[Online; navštíveno 22.10.2018]"
}

@MISC{lit2,
      Author = "Zbyněk Křivka, Tomáš Masopust",
      Title =     "Grafové algoritmy",
      howpublished = "\url{https://www.fit.vutbr.cz/study/courses/GAL/public/gal-slides.pdf}",
      urldate = "2018-10-22",
      Year =      "2018",
      note = "[Online; navštíveno 22.10.2018]"
}

@MISC{lit3,
      Author = "J.R. Allwrightm, P. K. C., R.Bordawekar",
      Title =     "A Comparison of Parallel Graph Coloring Algorithms",
      howpublished = "\url{http://www.new-npac.org/users/fox/pdftotal/sccs-0666.pdf}",
      urldate = "2018-10-22",
      Year =      "2018",
      note = "[Online; navštíveno 22.10.2018]"
}

@MISC{lit4,
      Author = "Murat Aslan, N. A. B.",
      Title =     "A Performance Comparison of Graph Coloring Algorithms",
      howpublished = "\url{http://dergipark.gov.tr/download/article-file/254140}",
      urldate = "2018-10-22",
      Year =      "2018",
      note = "[Online; navštíveno 22.10.2018]"
}
